1932 3675
844 120 1207 171 ...IV-

195 284 267 344 ad
305 287 576 366 amplam
610 284 942 346 admodum
974 285 1420 345 Molluscorum
1457 286 1714 346 classem
1762 305 1856 344 re-

187 410 488 471 seruntur.

354 535 511 595 Sunt
556 543 763 593 autem
810 534 1229 606 Mollusca,
1289 530 1362 592 ad
1403 553 1692 594 normam
1730 554 1859 593 me·
1924 566 1927 569 ·

185 657 355 719 thodi
384 656 667 734 Cuvieri,
706 657 772 717 in
809 657 983 718 cuius
1015 668 1347 739 systemate
1366 676 1449 723 ⁸ea
1460 702 1479 733 ,
1521 657 1683 718 inter
1716 678 1860 736 qua-

186 795 328 843 tuor
387 780 754 861 principales
808 781 1108 842 sectiones
1126 826 1144 856 ,
1211 801 1318 860 per
1369 801 1514 859 quas
1560 801 1859 864 magnum

186 927 451 990 regnum
502 906 772 966 animale
830 904 1142 966 distribuit
1194 905 1293 965 vir
1345 904 1587 980 doctUS,
1646 925 1860 966 secun-

186 1031 330 1091 dam
371 1028 710 1090 sectionem
758 1030 1172 1104 constituunt,
1229 1029 1521 1088 animalia
1564 1028 1877 1090 vertebris*

188 1169 250 1217 et
291 1153 570 1216 articulis
617 1152 936 1229 destituta,
1005 1153 1408 1214 circulatione
1451 1172 1598 1211 vero
1644 1152 1864 1213 humo·

184 1301 331 1342 rum
375 1275 639 1358 duplici,
681 1275 863 1338 corde
908 1289 1188 1357 peracta,
1231 1276 1475 1361 organis
1512 1275 1864 1356 respiratio-

187 1406 253 1465 ni
296 1401 769 1464 inservientibus
815 1402 1225 1481 peculiaribus
1239 1446 1257 1477 ,
1321 1399 1590 1462 medulla
1640 1423 1866 1464 nervea

186 1522 462 1610 simplici
495 1529 650 1603 (non
675 1523 961 1605 nodosa),
1007 1547 1261 1606 corpore
1284 1524 1641 1610 gelatinoso,
1684 1526 1867 1605 pallio

187 1654 605 1736 utplurimum
630 1652 855 1727 cinctO,
889 1664 993 1711 aut
1018 1649 1207 1725 nudo,
1239 1662 1340 1710 aut
1365 1661 1517 1711 testa
1542 1650 1866 1726 instructo,

190 1779 462 1861 praedita
488 1779 574 1850 ἢ).

358 1907 607 1966 Horum
653 1900 836 1985 enimv
878 1897 1244 1960 animalium
1301 1896 1691 1982 synopticam
1736 1889 1867 1980 qui-

194 2031 368 2107 dem,
400 2028 505 2091 sed
527 2026 722 2110 quoad
753 2025 1080 2088 divisiones
1104 2023 1513 2107 generaliores
1537 2025 1867 2108 integram,

193 2155 747 2236 locupletissimam
775 2165 939 2214 certe
976 2152 1251 2212 tabulam
1282 2149 1525 2210 exhibet
1560 2149 1737 2211 hicce
1768 2170 1866 2225 ca-

193 2283 469 2364 talogus,
511 2280 575 2339 in
621 2301 737 2358 quo
776 2274 1230 2350 concinnandO,
1275 2287 1345 2334 ut
1381 2273 1511 2335 iam
1549 2273 1711 2349 dixi,
1758 2275 1868 2335 Fe-

194 2405 616 2466 russacianam
662 2402 1043 2478 classium,
1108 2398 1481 2472 ordinum,
1535 2397 1870 2458 subordi-

198 2551 407 2607 num,
488 2528 990 2602 familiarum,
1074 2514 1424 2608 generum
1493 2521 1870 2583 distributio-

195 2674 363 2729 nem,
414 2653 487 2713 ab
517 2651 743 2712 illustri
775 2662 1045 2725 auctore,
1085 2649 1153 2709 in
1194 2649 1350 2709 libro
1398 2647 1583 2708 citato
1622 2647 1870 2730 evulga-

196 2791 348 2853 tam,
380 2776 482 2837 sed
514 2775 680 2836 curis
712 2774 1172 2855 posterioribuS,
1208 2773 1280 2832 ab
1311 2769 1558 2846 eodem,
1594 2782 1664 2831 ut
1694 2790 1870 2830 occa-

201 2902 291 2963 sio
324 2915 382 2963 et
413 2899 733 2985 ingenium
769 2899 932 2974 tulit,
976 2897 1120 2958 hinc
1160 2908 1335 2975 atque
1369 2894 1543 2954 illinc
1585 2878 1873 2954 emenda-⁴

199 3039 331 3086 tam
358 3037 417 3085 et
441 3038 706 3099 auctam,
749 3033 1036 3102 sequutus
1069 3041 1228 3080 sum.
1284 3018 1480 3083 Curas
1511 3017 1646 3078 illas
1672 3029 1899 3097 poste-⁷

256 3199 298 3251 *)
342 3205 407 3245 Le
436 3204 583 3261 regne
611 3201 791 3244 animal
809 3200 1041 3243 distribue
1070 3199 1255 3256 d'apres
1286 3210 1372 3240 son
1399 3193 1741 3256 organisation.
1783 3193 1872 3255 Par

370 3272 437 3314 M.
470 3271 515 3312 le
544 3272 691 3315 Chev.
721 3270 896 3314 Cuvier⁶
928 3269 1000 3311 lv
1030 3277 1196 3311 tomeS.
1231 3269 1254 3308 a
1284 3266 1427 3311 Paris.
1461 3265 1581 3314 1817.
1624 3265 1665 3311 Β.
1696 3287 1747 3297 —-·
1777 3263 1870 3306 Το-

370 3356 474 3385 mus
506 3340 739 3384 secundus
770 3339 970 3383 exhibet
1000 3336 1228 3381 animalia
1261 3334 1511 3379 mollusca.
