1932 3675
723 88 1050 137 ...V-.-

56 257 248 321 riores
271 255 335 314 in
365 253 665 314 ditissimo
696 252 1017 312 literarum
1042 250 1348 323 thesaurO,
1376 266 1560 327 ‘quem
1588 250 1715 328 ipse

57 379 342 451 instituit,
370 377 750 457 cupientibus
785 374 1023 456 aperuit
1038 373 1127 448 ἐξ),
1158 372 1223 433 in
1252 395 1368 452 quo
1393 374 1582 434 etiam
1607 374 1716 433 ali-

58 524 238 562 orum
277 500 883 585 quamplurimorum
918 497 1336 560 recentiorum
1369 497 1717 572 sententias»,

58 629 506 689 molluscorum
535 624 860 686 scientiam
898 634 1234 701 spectantes
1264 620 1594 695 recensuit,
1629 622 1720 679 lu-

57 752 310 824 stravit,
363 750 627 811 sancivit
684 761 789 808 aut
834 747 1085 821 reiecit,
1139 756 1200 805 et
1246 746 1416 805 hisce
1472 744 1718 823 quidem

35 874 343 936 ‘subsidiis
381 887 441 935 et
478 874 616 934 aliis
655 871 963 933 nonnullis
999 870 1064 930 in
1099 868 1346 953 synopsi
1377 867 1725 929 methodica

59 999 407 1061 adornanda
445 1018 591 1059 usus
632 1010 692 1059 et
731 998 970 1057 fructus
1010 1015 1168 1054 sum.

221 1122 399 1202 *Quod
448 1123 523 1183 ad
573 1112 987 1202 specierum
1048 1114 1545 1178 distributionem
1589 1116 1727 1176 atti-

44 1260 197 1323 net,
240 1248 311 1307 in
348 1268 420 1309 ea
446 1244 884 1308 'clarissimum
923 1244 993 1302 de
1020 1240 1367 1318 Lamarck,
1421 1240 1728 1307 eximium

61 1372 441 1433 naturalium
482 1391 697 1431 rerum
741 1380 801 1430 et
835 1343 1240 1443 animalium,
1283 1363 1598 1444 imprimis
1635 1364 1729 1424 in-

62 1495 369 1575 feriorum
408 1496 743 1580 graduum,
791 1494 1082 1554 scientiae
1115 1492 1595 1552 reformatorem
1632 1511 1729 1550 ae-

66 1641 180 1700 que
209 1631 384 1701 atque
414 1634 733 1682 auctorem
763 1619 986 1686 ducem
1027 1615 1248 1689 habui,
1290 1616 1395 1675 ille
1433 1616 1632 1688 enim,
1664 1628 1733 1673 ut

65 1744 486 1822 plurimorum
533 1763 833 1828 generum
890 1753 951 1802 et
991 1739 1381 1801 familiarum
1432 1738 1732 1799 definitio-

67 1884 172 1929 nes
216 1868 276 1929 ei
326 1867 646 1944 debentur,
697 1866 927 1947 species
969 1885 1202 1944 quoque
1247 1863 1734 1944 quamplurimas

10 2007 13 2013 ’
67 1991 377 2053 subtiliori
425 1993 699 2054 examini
739 1990 1064 2063 submisit,
1115 1988 1509 2072 recognovit,
1553 2007 1734 2047 accu-

72 2116 264 2177 ratius
295 2115 593 2192 distinxit,
626 2135 814 2178 novas
845 2114 1094 2190 addidit,
1134 2134 1345 2174 omnes
1375 2114 1606 2193 optime
1636 2112 1735 2172 de-

74 2241 322 2322 scripsit
367 2253 428 2302 et
481 2238 870 2302 adumbravit
894 2236 1022 2312 >x'’⁴*·).
1094 2240 1297 2322 Neque
1340 2249 1549 2297 tamen
1590 2258 1736 2296 eun-

76 2365 219 2427 dem
276 2366 343 2426 in
409 2367 701 2427 classium
764 2361 1157 2444 dispositione
1213 2373 1499 2441 sequutus
1552 2381 1691 2421 sum
1718 2384 1736 2434 3

77 2490 304 2550 harum
343 2489 511 2550 enirn
557 2509 893 2550 numerum
946 2486 1136 2550 nimis
1178 2487 1362 2548 auxit.

136 2677 180 2728 ἢ
224 2678 445 2724 Bulletin
464 2675 674 2742 'general
706 2687 752 2724 et
780 2678 1027 2724 universe]
1060 2679 1140 2723 des
1166 2692 1404 2722 annonces
1435 2685 1483 2720 et
1512 2678 1592 2720 des
1619 2690 1739 2721 nou-

249 2750 404 2793 velles
435 2751 791 2806 scientifiques,
822 2750 989 2807 publie
1019 2763 1124 2792 sous
1156 2749 1203 2791 la
1233 2747 1476 2791 direction
1507 2748 1565 2789 de
1594 2747 1662 2788 Μ.
1694 2747 1741 2787 le
1794 2792 1800 2793 ⁷

252 2821 411 2862 Baron
427 2820 478 2860 de
492 2819 716 2861 Fe'russac.
745 2822 862 2864 1823.
879 2820 972 2861 XII
989 2817 1230 2868 fasciculi,
1258 2818 1309 2858 in
1327 2820 1441 2865 8vo;
1476 2824 1523 2859 et
1550 2817 1661 2858 inde
1687 2816 1741 2857 ab

253 2902 377 2931 anno
409 2891 529 2938 182&
560 2890 642 2930 sub
671 2887 841 2932 iisdem
867 2887 1111 2945 auspiciis,
1144 2885 1399 2943 separatim
1424 2885 1612 2941 prodiit
1627 2884 1744 2927 Bul-

255 2958 381 3001 letin
405 2958 484 3000 des
502 2958 711 3001 sciences
728 2957 1011 3007 naturelles‚
1043 2957 1177 3000 cuius
1202 2954 1458 3011 quotannis
1481 2953 1574 2996 XII
1594 2953 1744 2995 edun-

254 3034 339 3070 tur
366 3026 604 3070 fasciculi.

147 3120 211 3173 **)
254 3125 471 3168 Histoire
500 3121 744 3166 naturelle
776 3123 855 3165 des
877 3121 1120 3164 Animaux
1148 3134 1249 3161 sans
1265 3117 1542 3160 Vertebres.
1574 3117 1662 3158 Par
1677 3113 1746 3157 M.

261 3194 310 3237 le
328 3192 476 3239 Chev.
492 3195 543 3236 de
559 3192 791 3235 Lamarck.
820 3193 920 3234 Vll
937 3199 1105 3234 tomes.
1137 3188 1319 3230 a‘Paris.
1353 3188 1617 3230 1815-1822.
1641 3186 1744 3229 δνο.

178 3265 181 3270 ’
263 3264 440 3307 Tomus
458 3263 681 3319 quintus,
711 3269 870 3304 sextus
895 3268 941 3303 et
965 3260 1195 3316 septimus
1221 3255 1474 3299 continent
1497 3254 1745 3300 mollusca.
